@misc{TeXnicCenter:2014:Online,
  key = "TeXnicCenter",
  title = {TeXnicCenter},
  month = jun,
  year = {2014},
  howpublished={\url{http://www.texniccenter.org/}}
}
