@misc{TeXnicCenter:2014:Online,
  key = "TeXnicCenter",
  title = {TeXnicCenter},
  month = jun,
  year = {2014},
  howpublished={\url{http://www.texniccenter.org/}}
}


@misc{interactions.acm:2013:online,
	key = "interactions.acm",
	author = "William Hudson",
	opened = "18.04.2016",
	title = "User Stories Don't Help Users: Introducing Persona Stories",
	month = "Dezember",
	yeah = 2013,
	howpublished={\url{http://interactions.acm.org/archive/view/november-december-2013/user-stories-dont-help-users-Introducing-persona-stories}}
}
